@book{gilmore_2011,
    place={Chichester},
    title={Practical gamma-ray spectrometry},
    publisher={Wiley},
    author={Gilmore, Gordon},
    year={2011}
    }

@misc{lund,
  title = {The Lund/LBNL Nuclear Data Search},
  howpublished = {http://nucleardata.nuclear.lu.se/toi/},
  note = {Accessed: 2018-01-31}
}
